<?xml version="1.0" encoding="UTF-8"?><collection xmlns="http://www.loc.gov/MARC21/slim"><record><leader>00371nam--2200133-i-4500</leader><controlfield tag="001">000045521</controlfield><controlfield tag="002">20161230</controlfield><controlfield tag="005">20161230201045</controlfield><controlfield tag="008">060222s1000------------r-----000-0-eng-d</controlfield><datafield ind1=" " ind2=" " tag="080"><subfield code="a">512.54:530.146</subfield></datafield><datafield ind1=" " ind2=" " tag="100"><subfield code="a">Trifonow,E.D. Und Petraschen,M.I</subfield></datafield><datafield ind1=" " ind2=" " tag="245"><subfield code="a">Anwendung der gruppentherie in der quantenmechanik</subfield></datafield><datafield ind1=" " ind2=" " tag="260"><subfield code="a">Berlin, Akad.-verlag, 1969. X+ 240 P</subfield></datafield><datafield ind1=" " ind2=" " tag="852"><subfield code="a">75352</subfield></datafield></record></collection>